@misc{utxodump,
   author={Duke Leto},
   title={utxo_dump},
   url={https://github.com/leto/utxo_dump},
   urldate={2018-01-24}
}
@misc{bitcoin-tools,
   author={XXX},
   title={xxx},
   url={https://github.com/leto/utxo_dump},
   urldate={2018-01-24}
}
@misc{Zcash,
   author={Daira Hopwood},
   title={Zcash Protocol Specification},
   url={https://github.com/zcash/zips/blob/master/protocol/protocol.pdf},
   urldate={2017-12-28}
}

@misc{Komodo,
   author={superNET},
   title={Komodo Platform},
   url={https://komodoplatform.com},
   urldate={2017-12-28}
}

@misc{BarterDEX,
   author={jl777},
   title={barterDEX - Atomic Swap Decentralized Exchange of Native Coins},
   url={https://github.com/SuperNETorg/komodo/wiki/barterDEX-Whitepaper-v2},
   urldate={2017-12-28}
}

@misc{dPOW,
   author={jl777},
   title={Delayed Proof of Work (dPoW)},
   url={https://supernet.org/en/technology/whitepapers/delayed-proof-of-work-dpow},
   urldate={2017-12-27}
}
